<record xmlns="http://www.loc.gov/MARC21/slim" xmlns:xsi="http://www.w3.org/2001/XMLSchema-instance" xsi:schemaLocation="http://www.loc.gov/MARC21/slim http://www.loc.gov/standards/marcxml/schema/MARC21slim.xsd"><leader>02287nam a2200409   4500</leader><controlfield tag="001">001281293</controlfield><controlfield tag="003">NNU</controlfield><controlfield tag="006">m        d        </controlfield><controlfield tag="007">cr cn |||m|||a</controlfield><controlfield tag="008">140707s1951    ua acfh ob    001 0 arard</controlfield><datafield ind1=" " ind2=" " tag="040"><subfield code="a">NNU</subfield><subfield code="b">eng</subfield><subfield code="c">NNU</subfield></datafield><datafield ind1=" " ind2=" " tag="043"><subfield code="a">f-ua---</subfield></datafield><datafield ind1="0" ind2="0" tag="050"><subfield code="a">PJ7518.5</subfield><subfield code="b">.S5</subfield></datafield><datafield ind1=" " ind2=" " tag="066"><subfield code="c">(3</subfield></datafield><datafield ind1=" " ind2=" " tag="090"><subfield code="a">PJ7518.5</subfield><subfield code="b">.S5</subfield></datafield><datafield ind1="1" ind2=" " tag="100"><subfield code="6">880-01</subfield><subfield code="a">Shayy&#257;l, Jam&#257;l al-D&#299;n</subfield></datafield><datafield ind1="1" ind2="0" tag="245"><subfield code="6">880-02</subfield><subfield code="a">T&#257;r&#299;kh al-tarjamah wa-al-&#7717;arakah al-thaq&#257;f&#299;yah f&#299; a&#7779;r Mu&#7717;ammad &#699;Al&#299;</subfield><subfield code="h">[electronic resource] /</subfield><subfield code="c">ta&#700;l&#299;f Jam&#257;l al-D&#299;n al-Shayy&#257;l.</subfield></datafield><datafield ind1=" " ind2=" " tag="260"><subfield code="6">880-03</subfield><subfield code="a">[Cairo] :</subfield><subfield code="b">D&#257;r al-Fikr al-&#699;Arab&#299;,</subfield><subfield code="c">1951.</subfield></datafield><datafield ind1=" " ind2=" " tag="300"><subfield code="a">online resource (17, 228, 79 p., [1] leaf of plates) :</subfield><subfield code="b">ill., facsims, ports.</subfield></datafield><datafield ind1=" " ind2=" " tag="500"><subfield code="a">"... N&#257;la J&#257;&#700;izat al-Ba&#7717;th al-Adab&#299; li-sanat 1946 min Majma&#699; Fu&#700;&#257;d al-Awwal al-Malak&#299; lil-Lughah al-&#699;Arab&#299;yah."</subfield></datafield><datafield ind1=" " ind2=" " tag="500"><subfield code="a">Originally presented as the author's thesis (master's)--J&#257;mi&#699;at F&#257;r&#363;q al-Awwal.</subfield></datafield><datafield ind1=" " ind2=" " tag="500"><subfield code="a">List of books translated during the reign of Mu&#7717;ammad &#699;Al&#299;: Suppls. 1-3, p. [7]-50 (3rd group).</subfield></datafield><datafield ind1=" " ind2=" " tag="500"><subfield code="a">Part of the Arabic Collections Online (ACO) project, contributed by New York Univeristy Libraries.</subfield></datafield><datafield ind1=" " ind2=" " tag="504"><subfield code="a">Includes bibliographical references (p. [57]-69 (3rd group)) and indexes.</subfield></datafield><datafield ind1=" " ind2=" " tag="533"><subfield code="a">Electronic reproduction.</subfield><subfield code="b">New York, N.Y. :</subfield><subfield code="c">New York University,</subfield><subfield code="d">2014.</subfield><subfield code="5">NNU</subfield></datafield><datafield ind1=" " ind2="0" tag="650"><subfield code="a">Translating and interpreting</subfield><subfield code="z">Egypt</subfield><subfield code="x">History</subfield><subfield code="y">19th century.</subfield></datafield><datafield ind1=" " ind2="0" tag="650"><subfield code="a">French imprints</subfield><subfield code="x">Translations into Arabic</subfield><subfield code="x">History.</subfield></datafield><datafield ind1=" " ind2="0" tag="650"><subfield code="a">French imprints</subfield><subfield code="x">Translations into Turkish</subfield><subfield code="x">History.</subfield></datafield><datafield ind1=" " ind2="0" tag="651"><subfield code="a">Egypt</subfield><subfield code="x">Intellectual life</subfield><subfield code="y">19th century.</subfield></datafield><datafield ind1="2" ind2=" " tag="710"><subfield code="a">New York University.</subfield><subfield code="b">Libraries.</subfield></datafield><datafield ind1="0" ind2=" " tag="730"><subfield code="a">Arabic Collections Online.</subfield></datafield><datafield ind1="0" ind2="8" tag="776"><subfield code="i">Print version:</subfield><subfield code="a">Shayy&#257;l, Jam&#257;l al-D&#299;n 880-01</subfield><subfield code="t">T&#257;r&#299;kh al-tarjamah wa-al-&#7717;arakah al-thaq&#257;f&#299;yah f&#299; a&#7779;r Mu&#7717;ammad &#699;Al&#299;</subfield><subfield code="w">(NNU)001281293</subfield><subfield code="w">(DLC)60025475</subfield></datafield><datafield ind1="4" ind2="0" tag="856"><subfield code="u">http://hdl.handle.net/2333.1/h18933tk</subfield></datafield><datafield ind1="1" ind2=" " tag="880"><subfield code="6">100-01/</subfield><subfield code="a">&#1588;&#1610;&#1575;&#1604;&#1548; &#1580;&#1605;&#1575;&#1604; &#1575;&#1604;&#1583;&#1610;&#1606;.</subfield></datafield><datafield ind1="1" ind2="0" tag="880"><subfield code="6">245-02/</subfield><subfield code="a">&#1578;&#1575;&#1585;&#1610;&#1582; &#1575;&#1604;&#1578;&#1585;&#1580;&#1605;&#1577; &#1608;&#1575;&#1604;&#1581;&#1585;&#1603;&#1577; &#1575;&#1604;&#1579;&#1602;&#1575;&#1601;&#1610;&#1577; &#1601;&#1609; &#1593;&#1589;&#1585; &#1605;&#1581;&#1605;&#1583; &#1593;&#1604;&#1609; /</subfield><subfield code="c">&#1578;&#1571;&#1604;&#1610;&#1601; &#1580;&#1605;&#1575;&#1604; &#1575;&#1604;&#1583;&#1610;&#1606; &#1575;&#1604;&#1588;&#1610;&#1575;&#1604;.</subfield></datafield><datafield ind1=" " ind2=" " tag="880"><subfield code="6">260-03/</subfield><subfield code="a">[Cairo] :</subfield><subfield code="b">&#1583;&#1575;&#1585; &#1575;&#1604;&#1601;&#1603;&#1585; &#1575;&#1604;&#1593;&#1585;&#1576;&#1609;&#1548;</subfield><subfield code="c">&#1633;&#1641;&#1637;&#1633;.</subfield></datafield><datafield ind1=" " ind2=" " tag="959"><subfield code="a">NNU</subfield><subfield code="b">WEB</subfield><subfield code="c">GENI</subfield><subfield code="t">0</subfield><subfield code="m">Electronic access</subfield><subfield code="s">01</subfield></datafield></record>